@misc{StoughtonEasyCrypt,
	author = {Alley Stoughton},
	title = {EasyCrypt Installation Instructions},
	year = {2023},
	url = {https://alleystoughton.us/easycrypt-installation.html},
	note = {Accessed: 2024-07-12}
}